<record><leader>00000cas a22000007a 4500</leader><controlfield tag="001">28880534</controlfield><controlfield tag="008">930923d192819uumouer ne      0    0eng d</controlfield><datafield ind1=" " ind2=" " tag="010"><subfield code="a">sn 93060402 </subfield></datafield><datafield ind1=" " ind2=" " tag="040"><subfield code="a">MQN</subfield><subfield code="b">eng</subfield><subfield code="c">MQN</subfield><subfield code="d">OCLCQ</subfield></datafield><datafield ind1=" " ind2=" " tag="042"><subfield code="a">msc</subfield></datafield><datafield ind1="0" ind2="0" tag="245"><subfield code="a">Hardwick's bulletin.</subfield></datafield><datafield ind1=" " ind2=" " tag="260"><subfield code="a">Bertrand [Mo.] :</subfield><subfield code="b">S.B. Hardwick Merc. Co.</subfield></datafield><datafield ind1=" " ind2=" " tag="300"><subfield code="a">v.</subfield></datafield><datafield ind1=" " ind2=" " tag="310"><subfield code="a">Biweekly</subfield></datafield><datafield ind1=" " ind2=" " tag="588"><subfield code="a">Description based on: Vol. 1, no. 77 (Mar. 8, 1927).</subfield></datafield><datafield ind1=" " ind2=" " tag="752"><subfield code="a">United States</subfield><subfield code="b">Missouri</subfield><subfield code="c">Mississippi</subfield><subfield code="d">Bertrand.</subfield></datafield></record>